%YAML 1.1
%TAG !u! tag:unity3d.com,2011:
--- !u!1 &8366329313404246911
GameObject:
  m_ObjectHideFlags: 0
  m_CorrespondingSourceObject: {fileID: 0}
  m_PrefabInstance: {fileID: 0}
  m_PrefabAsset: {fileID: 0}
  serializedVersion: 6
  m_Component:
  - component: {fileID: 9174110083038413253}
  - component: {fileID: 5259965868789108320}
  - component: {fileID: 8006221869991230122}
  - component: {fileID: -3704699606607606129}
  - component: {fileID: -5037161503010098905}
  - component: {fileID: 8130931280901263584}
  m_Layer: 6
  m_Name: King
  m_TagString: BlackPiece
  m_Icon: {fileID: 0}
  m_NavMeshLayer: 0
  m_StaticEditorFlags: 0
  m_IsActive: 1
--- !u!4 &9174110083038413253
Transform:
  m_ObjectHideFlags: 0
  m_CorrespondingSourceObject: {fileID: 0}
  m_PrefabInstance: {fileID: 0}
  m_PrefabAsset: {fileID: 0}
  m_GameObject: {fileID: 8366329313404246911}
  m_LocalRotation: {x: -0.7071068, y: 0, z: -0, w: 0.7071068}
  m_LocalPosition: {x: 0.77361584, y: 0.42814466, z: 5.2730575}
  m_LocalScale: {x: 1, y: 1, z: 0.237889}
  m_Children:
  - {fileID: 4321958086225874842}
  m_Father: {fileID: 0}
  m_RootOrder: 0
  m_LocalEulerAnglesHint: {x: 0, y: 0, z: 0}
--- !u!33 &5259965868789108320
MeshFilter:
  m_ObjectHideFlags: 0
  m_CorrespondingSourceObject: {fileID: 0}
  m_PrefabInstance: {fileID: 0}
  m_PrefabAsset: {fileID: 0}
  m_GameObject: {fileID: 8366329313404246911}
  m_Mesh: {fileID: -4175726406976504967, guid: 66fc68a4a1595db42b52f0179dc5886f, type: 3}
--- !u!23 &8006221869991230122
MeshRenderer:
  m_ObjectHideFlags: 0
  m_CorrespondingSourceObject: {fileID: 0}
  m_PrefabInstance: {fileID: 0}
  m_PrefabAsset: {fileID: 0}
  m_GameObject: {fileID: 8366329313404246911}
  m_Enabled: 1
  m_CastShadows: 1
  m_ReceiveShadows: 1
  m_DynamicOccludee: 1
  m_MotionVectors: 1
  m_LightProbeUsage: 1
  m_ReflectionProbeUsage: 1
  m_RayTracingMode: 2
  m_RayTraceProcedural: 0
  m_RenderingLayerMask: 1
  m_RendererPriority: 0
  m_Materials:
  - {fileID: 2100000, guid: 4bf6f3cd413a4704cb090f57a66660e7, type: 2}
  m_StaticBatchInfo:
    firstSubMesh: 0
    subMeshCount: 0
  m_StaticBatchRoot: {fileID: 0}
  m_ProbeAnchor: {fileID: 0}
  m_LightProbeVolumeOverride: {fileID: 0}
  m_ScaleInLightmap: 1
  m_ReceiveGI: 1
  m_PreserveUVs: 0
  m_IgnoreNormalsForChartDetection: 0
  m_ImportantGI: 0
  m_StitchLightmapSeams: 1
  m_SelectedEditorRenderState: 3
  m_MinimumChartSize: 4
  m_AutoUVMaxDistance: 0.5
  m_AutoUVMaxAngle: 89
  m_LightmapParameters: {fileID: 0}
  m_SortingLayerID: 0
  m_SortingLayer: 0
  m_SortingOrder: 0
  m_AdditionalVertexStreams: {fileID: 0}
--- !u!114 &-3704699606607606129
MonoBehaviour:
  m_ObjectHideFlags: 0
  m_CorrespondingSourceObject: {fileID: 0}
  m_PrefabInstance: {fileID: 0}
  m_PrefabAsset: {fileID: 0}
  m_GameObject: {fileID: 8366329313404246911}
  m_Enabled: 1
  m_EditorHideFlags: 0
  m_Script: {fileID: 11500000, guid: b1874c6b641f28e4d956cf2c4fd68cab, type: 3}
  m_Name: 
  m_EditorClassIdentifier: 
--- !u!114 &-5037161503010098905
MonoBehaviour:
  m_ObjectHideFlags: 0
  m_CorrespondingSourceObject: {fileID: 0}
  m_PrefabInstance: {fileID: 0}
  m_PrefabAsset: {fileID: 0}
  m_GameObject: {fileID: 8366329313404246911}
  m_Enabled: 1
  m_EditorHideFlags: 0
  m_Script: {fileID: 11500000, guid: 4bd59374d874905488a65a16d1897efb, type: 3}
  m_Name: 
  m_EditorClassIdentifier: 
  materialSetter: {fileID: 0}
  AvailableMoves: []
--- !u!114 &8130931280901263584
MonoBehaviour:
  m_ObjectHideFlags: 0
  m_CorrespondingSourceObject: {fileID: 0}
  m_PrefabInstance: {fileID: 0}
  m_PrefabAsset: {fileID: 0}
  m_GameObject: {fileID: 8366329313404246911}
  m_Enabled: 1
  m_EditorHideFlags: 0
  m_Script: {fileID: 11500000, guid: 6541c6f255a6e354e85f389b7d7702e0, type: 3}
  m_Name: 
  m_EditorClassIdentifier: 
  speed: 3.2
--- !u!1001 &8143102851636347513
PrefabInstance:
  m_ObjectHideFlags: 0
  serializedVersion: 2
  m_Modification:
    m_TransformParent: {fileID: 9174110083038413253}
    m_Modifications:
    - target: {fileID: 2773787287895361376, guid: 819b4c4ab43ba03488bee36573ad37b1, type: 3}
      propertyPath: m_Name
      value: Icon
      objectReference: {fileID: 0}
    - target: {fileID: 5402262492332133859, guid: 819b4c4ab43ba03488bee36573ad37b1, type: 3}
      propertyPath: m_RootOrder
      value: 0
      objectReference: {fileID: 0}
    - target: {fileID: 5402262492332133859, guid: 819b4c4ab43ba03488bee36573ad37b1, type: 3}
      propertyPath: m_LocalPosition.x
      value: 0
      objectReference: {fileID: 0}
    - target: {fileID: 5402262492332133859, guid: 819b4c4ab43ba03488bee36573ad37b1, type: 3}
      propertyPath: m_LocalPosition.y
      value: 0
      objectReference: {fileID: 0}
    - target: {fileID: 5402262492332133859, guid: 819b4c4ab43ba03488bee36573ad37b1, type: 3}
      propertyPath: m_LocalPosition.z
      value: 1.09
      objectReference: {fileID: 0}
    - target: {fileID: 5402262492332133859, guid: 819b4c4ab43ba03488bee36573ad37b1, type: 3}
      propertyPath: m_LocalRotation.w
      value: 1
      objectReference: {fileID: 0}
    - target: {fileID: 5402262492332133859, guid: 819b4c4ab43ba03488bee36573ad37b1, type: 3}
      propertyPath: m_LocalRotation.x
      value: 0
      objectReference: {fileID: 0}
    - target: {fileID: 5402262492332133859, guid: 819b4c4ab43ba03488bee36573ad37b1, type: 3}
      propertyPath: m_LocalRotation.y
      value: 0
      objectReference: {fileID: 0}
    - target: {fileID: 5402262492332133859, guid: 819b4c4ab43ba03488bee36573ad37b1, type: 3}
      propertyPath: m_LocalRotation.z
      value: 0
      objectReference: {fileID: 0}
    - target: {fileID: 5402262492332133859, guid: 819b4c4ab43ba03488bee36573ad37b1, type: 3}
      propertyPath: m_LocalEulerAnglesHint.x
      value: 0
      objectReference: {fileID: 0}
    - target: {fileID: 5402262492332133859, guid: 819b4c4ab43ba03488bee36573ad37b1, type: 3}
      propertyPath: m_LocalEulerAnglesHint.y
      value: 0
      objectReference: {fileID: 0}
    - target: {fileID: 5402262492332133859, guid: 819b4c4ab43ba03488bee36573ad37b1, type: 3}
      propertyPath: m_LocalEulerAnglesHint.z
      value: 0
      objectReference: {fileID: 0}
    - target: {fileID: 8450696597628038991, guid: 819b4c4ab43ba03488bee36573ad37b1, type: 3}
      propertyPath: BlackSprite
      value: 
      objectReference: {fileID: -4317464048183939757, guid: 66fd45ab56e6ee54fa2e49a079f41acc, type: 3}
    - target: {fileID: 8450696597628038991, guid: 819b4c4ab43ba03488bee36573ad37b1, type: 3}
      propertyPath: WhiteSprite
      value: 
      objectReference: {fileID: 885038328699316784, guid: faff70dfd3f7978448f5b8f5317142fa, type: 3}
    - target: {fileID: 8780153995535919160, guid: 819b4c4ab43ba03488bee36573ad37b1, type: 3}
      propertyPath: m_Sprite
      value: 
      objectReference: {fileID: -4317464048183939757, guid: 66fd45ab56e6ee54fa2e49a079f41acc, type: 3}
    m_RemovedComponents: []
  m_SourcePrefab: {fileID: 100100000, guid: 819b4c4ab43ba03488bee36573ad37b1, type: 3}
--- !u!4 &4321958086225874842 stripped
Transform:
  m_CorrespondingSourceObject: {fileID: 5402262492332133859, guid: 819b4c4ab43ba03488bee36573ad37b1, type: 3}
  m_PrefabInstance: {fileID: 8143102851636347513}
  m_PrefabAsset: {fileID: 0}
